@misc{bis18,
  author       = {Francesco Biscani and
                  Isuru Fernando and
                  Dario Izzo and
                  Sumith Kulal and
                  7ofNine and
                  Ondřej Čertík and
                  Jean-Paul Pelteret},
  title        = {bluescarni/piranha: piranha 0.11},
  month        = may,
  year         = 2018
}

@InProceedings{bar10,
  author =	 {Clark Barrett and Aaron Stump and Cesare Tinelli},
  title =	 {{The SMT-LIB Standard: Version 2.0}},
  year =	 2010,
  booktitle =	 {Proceedings of the 8th International Workshop on
                  Satisfiability Modulo Theories (Edinburgh, UK)},
  editor =	 {A.~Gupta and D.~Kroening}
}

@incollection{bar18,
  title={Satisfiability modulo theories},
  author={Barrett, Clark and Tinelli, Cesare},
  booktitle={Handbook of Model Checking},
  pages={305--343},
  year={2018},
  publisher={Springer}
}
@inproceedings{kautz1999unifying,
  title={Unifying SAT-based and graph-based planning},
  author={Kautz, Henry and Selman, Bart},
  booktitle={IJCAI},
  volume={99},
  pages={318--325},
  year={1999}
}
@inproceedings{kautz1992planning,
  title={Planning as Satisfiability.},
  author={Kautz, Henry A and Selman, Bart and others},
  booktitle={ECAI},
  volume={92},
  pages={359--363},
  year={1992},
  organization={Citeseer}
}
@misc{cp4tp,
    title={CP4TP: A Classical Planning for Temporal Planning Portfolio},
    author={Furelos-Blanco, Daniel and Jonsson, Anders},
    note = {IPC 2018 - Temporal Tracks}
}
@misc{tflap,
    title={TFLAP: a temporal forward partial-order planner},
    author={Oscar Sapena, Eliseo Marzal, Eva Onaindia},
    note = {IPC 2018 - Temporal Tracks}
}
@inproceedings{fox2002pddl+,
  title={{PDDL+}: Modeling continuous time dependent effects},
  author={Fox, Maria and Long, Derek},
  booktitle={Proceedings of the 3rd International NASA Workshop on Planning and Scheduling for Space},
  volume={4},
  pages={34},
  year={2002}
}


@inproceedings{howey2004val,
  title={VAL: Automatic plan validation, continuous effects and mixed initiative planning using PDDL},
  author={Howey, Richard and Long, Derek and Fox, Maria},
  booktitle={16th IEEE International Conference on Tools with Artificial Intelligence (ICTAI 2004)},
  pages={294--301},
  year={2004}
}

@misc{temporal,
    title={TemPoRal: Temporal Portfolio Algorithm},
    author={Isabel Cenamor, Mauro Vallati, Lukas Chrpa, Tomás de la Rosa and Fernando Fernández},
    note = {IPC 2018 - Temporal Tracks},
}

@misc{popcorn,
    title={Temporal-Numeric Planning with Infinite Domain Action Parameters},
    author={Emre Savas, Stefan Edelkamp, Maria Fox, Derek Long, Daniele Magazzeni},
    note = {IPC 2018 - Temporal Tracks},
}

@misc{OPTIC,
    title={OPTIC},
    author={Andrew Coles and Amanda Coles},
    note = {IPC 2018 - Temporal Tracks},
}

@inproceedings{piotrowski2016heuristic,
  title={Heuristic planning for hybrid systems},
  author={Piotrowski, Wiktor and Fox, Maria and Long, Derek and Magazzeni, Daniele and Mercorio, Fabio},
  booktitle={Conference on Artificial Intelligence, AAAI},
  pages={4254--4255},
  year={2016},
  organization={AAAI Press}
}
@misc{hallin2010smt,
  title={SMT-Based Reasoning and Planning in TAL},
  author={Hallin, Magnus},
  year={2010}
}

@inproceedings{shin2004continuous,
  title={Continuous time in a SAT-based planner},
  author={Shin, Ji-Ae and Davis, Ernest},
  booktitle={AAAI},
  pages={531--536},
  year={2004}
}

@InProceedings{bac92,
    author = {Christer B\"{a}ckstr\"{o}m},
    title = {Equivalence and Tractability Results for {SAS}+ Planning},
    booktitle = {Proceedings of the 3rd International Conference on Principles on Knowledge Representation and Reasoning (KR'92)},
    year = {1992},
    pages = {126--137}
}

@inproceedings{savas2016planning,
  title={Planning Using Actions with Control Parameters.},
  author={Savas, Emre and Fox, Maria and Long, Derek and Magazzeni, Daniele},
  booktitle={ECAI},
  pages={1185--1193},
  year={2016}
}

@inproceedings{bar12,
 author = {Javier Barreiro and Matthew Boyce and Minh Do and Jeremy Frank and Michael Iatauro and Tatiana Kichkaylo and Paul Morris and James Ong and Emilio Remolina and Tristan Smith and David Smith},
 title={{EUROPA}: A Platform for AI Planning, Scheduling, Constraint Programming, and Optimization},
 booktitle = {In Proceedings of the 4th International Competition on Knowledge Engineering for Planning and Scheduling (ICKEPS'12)},
 year = {2012}
}
@inproceedings{ber14,
  author={Sara Bernardini and Maria Fox and Derek Long},
  title={Planning the Behaviour of Low-Cost Quadcopters for Surveillance Missions},
  booktitle={Proceedings of the 24th International Conference on Automated Planning and Scheduling (ICAPS'14)},
  year={2014}
}
@article{bes87,
author = {Eike Best and Raymond Devillers},
title = {Sequential and concurrent behaviour in Petri net theory},
journal = {Theoretical Computer Science},
volume = {55},
number = {1},
pages = {87--136},
year = {1987}
}
@Inproceedings{bie99a,
author = {Armin Biere and Alessandro Cimatti and Edmund Clarke and Yunshan Zhu},
title = {Symbolic Model Checking without {BDD}s},
booktitle = {Proceedings of the Fifth International Conference on Tools and Algorithms for the Construction and Analysis of Systems (TACAS'99)},
pages = {193-207},
year = {1999}
}
@InProceedings{bie99b,
author = {Armin Biere and Alessandro Cimatti and Edmund Clarke and Masahiro Fujita and Yunshan Zhu},
title = {Symbolic Model Checking using {SAT} Procedures Instead of {BDD}s},
booktitle = {Proceedings of the 36th Design Automation Conference (DAC'99)},
pages = {317--320},
year = {1999}
}
@InProceedings{bie04,
    author = {Armin Biere},
    title = {Resolve and Expand},
    booktitle = {Proceedings of the 7th International Conference on Theory and Applications of Satisfiability Testing (SAT’04)},
    year = {2004},
    pages = {238--246}
}
@article{bie08,
    author = {Armin Biere},
    title = {Picosat essentials},
    journal = {Journal on Satisfiability, Boolean Modeling and Computation (JSAT)},
    year = {2008}
}
@Inproceedings{blu95,
author = {Blum, Avrim and Furst, Merrick},
title = {Fast Planning Through Planning Graph Analysis},
booktitle = {Proceedings of the 14th International Joint Conference on Artificial Intelligence (IJCAI'95)},
pages = {1636--1642},
year = {1995}
}

@inproceedings{chemical,
  author    = {Giuseppe {Della Penna} and
               Benedetto Intrigila and
               Daniele Magazzeni and
               Fabio Mercorio},
  title     = {A {PDDL+} Benchmark Problem: The Batch Chemical Plant},
  booktitle = {Proceedings of {ICAPS}},
  year      = {2010}
}

@inproceedings{ucp,
  author    = {Joshua Campion and
               Chris Dent and
               Maria Fox and
               Derek Long and
               Daniele Magazzeni},
  title     = {Challenge: Modelling Unit Commitment as a Planning Problem},
  booktitle = {Proceedings of {ICAPS}},
  year      = {2013}
}

@inproceedings{battery,
  author    = {Maria Fox and
               Derek Long and
               Daniele Magazzeni},
  title     = {Automatic Construction of Efficient Multiple Battery Usage Policies},
  booktitle = {Proceedings of {IJCAI}},
  year      = {2011}
}

@inproceedings{henzinger,
  author    = {Thomas A. Henzinger},
  booktitle = {Proceedings of IEEE Symposium on Logic in Computer Science},
  title     = {The Theory of Hybrid Automata},
    year      = {1996},
}

@inproceedings{bogomolov14,
  author    = {Sergiy Bogomolov and
               Daniele Magazzeni and
               Andreas Podelski and
               Martin Wehrle},
  title     = {Planning as Model Checking in Hybrid Domains},
  booktitle = {Proceedings of {AAAI}},
  year      = {2014}
}

@inproceedings{zeno,
  author    = {J. Scott Penberthy and
               Daniel S. Weld},
  title     = {Temporal Planning with Continuous Change},
  booktitle = {Proceedings of AAAI},
  year      = {1994},
}

@inproceedings{optop,
  author    = {Drew V. McDermott},
  title     = {Reasoning about Autonomous Processes in an Estimated-Regression
               Planner},
  booktitle = {Proceedings of ICAPS},
  year      = {2003},
}

@inproceedings{kongming,
  author    = {Hui X. Li and
               Brian C. Williams},
  title     = {Generative Planning for Hybrid Systems Based on Flow Tubes},
  booktitle = {Proceedings of ICAPS},
  year      = {2008},
 }

@article{coles12,
  author    = {Amanda Jane Coles and
               Andrew Coles and
               Maria Fox and
               Derek Long},
  title     = {{COLIN}: Planning with Continuous Linear Numeric Change},
  journal   = {Journal of Artificial Intelligence Research (JAIR)},
  volume    = {44},
  year      = {2012},
  pages     = {1--96}
}

@article{TM-LPSAT,
  author    = {Ji-Ae Shin and
               Ernest Davis},
  title     = {Processes and continuous change in a SAT-based planner},
  journal   = {Artificial Intelligence},
  volume    = {166},
  number    = {1},
  year      = {2005}
}

@inproceedings{bryce,
  author    = {Daniel Bryce and
               Sicun Gao and
               David J. Musliner and
               Robert P. Goldman},
  title     = {{SMT}-Based Nonlinear {PDDL+} Planning},
  booktitle = {Proceedings of {AAAI}},
  year      = {2015}
}

@inproceedings{smthybrid,
  author    = {Alessandro Cimatti and
               Sergio Mover and
               Stefano Tonetta},
  title     = {{SMT}-Based Verification of Hybrid Systems},
  booktitle = {Proceedings of {AAAI}},
  year      = {2012}
}

@inproceedings{utc,
  author    = {Mauro Vallati and Daniele Magazzeni and Bart De Schutter and Lukas Chrpa and Thomas Leo Mccluskey},
  title     = {Efficient Macroscopic Urban Traffic Models for Reducing Congestion: A {PDDL+} Planning Approach},
  booktitle = {Proceedings of {AAAI}},
  year      = {2016}
}

@inproceedings{pappas,
  author    = {Paulo Tabuada and
               George J. Pappas and
               Pedro U. Lima},
  title     = {Composing Abstractions of Hybrid Systems},
  booktitle = {Proceedings of {HSCC}},
  year      = {2002}
}

@inproceedings{nuxmv,
  author    = {Roberto Cavada and
               Alessandro Cimatti and
               Michele Dorigatti and
               Alberto Griggio and
               Alessandro Mariotti and
               Andrea Micheli and
               Sergio Mover and
               Marco Roveri and
               Stefano Tonetta},
  title     = {The {nuXmv} Symbolic Model Checker},
  booktitle = {Proceedings of {CAV}},
  year      = {2014}
}

@inproceedings{maly,
  author    = {Matthew R. Maly and
               Morteza Lahijanian and
               Lydia E. Kavraki and
               Hadas Kress{-}Gazit and
               Moshe Y. Vardi},
  title     = {Iterative temporal motion planning for hybrid systems in partially unknown environments},
  booktitle = {Proceedings of {HSCC}},
  year      = {2013}
}

@inproceedings{hycomp,
  author    = {Alessandro Cimatti and
               Alberto Griggio and
               Sergio Mover and
               Stefano Tonetta},
  title     = {{HyComp}: An {SMT}-Based Model Checker for Hybrid Systems},
  booktitle = {Proceedings of {ETAPS}},
  year      = {2015}
}

@inproceedings{rrt,
  author    = {Sertac Karaman and
               Matthew R. Walter and
               Alejandro Perez and
               Emilio Frazzoli and
               Seth J. Teller},
  title     = {Anytime Motion Planning using the {RRT}},
  booktitle = {Proceedings of {ICRA}},
  year      = {2011}
}

@inproceedings{sampl,
  author    = {Morteza Lahijanian and
               Lydia E. Kavraki and
               Moshe Y. Vardi},
  title     = {A sampling-based strategy planner for nondeterministic hybrid systems},
  booktitle = {Proceedings of {ICRA}},
  year      = {2014}
}

@inproceedings{howey2003val,
  title={{VAL}'s progress: The automatic validation tool for {PDDL2.1} used in the international planning competition},
  author={Howey, Richard and Long, Derek},
  booktitle={Proc. of ICAPS Workshop on IPC},
  year={2003}
}


@article{falsif,
  author    = {Erion Plaku and
               Lydia E. Kavraki and
               Moshe Y. Vardi},
  title     = {Falsification of {LTL} safety properties in hybrid systems},
  journal   = {{STTT}},
  volume    = {15},
  number    = {4},
  pages     = {305--320},
  year      = {2013}
}

@inproceedings{bogomolov15,
  author    = {Sergiy Bogomolov and
               Daniele Magazzeni and
               Stefano Minopoli and
               Martin Wehrle},
  title     = {{PDDL+} Planning with Hybrid Automata: Foundations of Translating Must Behavior},
  booktitle = {Proceedings of {ICAPS}},
  year      = {2015}
}

@article{upmurphi,
  author    = {Giuseppe {Della Penna} and
               Daniele Magazzeni and
               Fabio Mercorio},
  title     = {A universal planning system for hybrid domains},
  journal   = {Applied Intelligence},
  volume    = {36},
  number    = {4},
  pages     = {932--959},
  year      = {2012}
}


@inproceedings{gao12,
  author    = {Sicun Gao and Jeremy Avigad and Edmund M. Clarke},
  title     = {Delta-Complete Decision Procedures for Satisfiability over the Reals},
  booktitle = {Proceedings of {IJCAR}},
  year      = {2012}
}



@Inproceedings{bra11,
    author = {Bram Ridder and Maria Fox},
    title = {Performing a lifted Reachability Analysis as a first step towards lifted Partial Ordered Planning},
    booktitle = {Proceedings of UK Planning and Scheduling SIG Workshop (Plansig'11)},
    year = {2011}
}
@article{bur92,
  author    = {Jerry R. Burch and Edmund M. Clarke and Kenneth L. McMillan and David L. Dill and L. J. Hwang},
  title     = {Symbolic Model Checking: $10^{20}$ States and Beyond},
  journal   = {Information and Computation},
  volume    = {98},
  number    = {2},
  year      = {1992},
  pages     = {142-170}
}
@article{byl94,
  author    = {Tom Bylander},
  title     = {The Computational Complexity of Propositional {STRIPS} Planning},
  journal   = {Artificial Intelligence},
  volume    = {69},
  year      = {1994},
  pages     = {165-204}
}
@article{cad99,
    author = {Marco Cadoli and Marco Schaerf and Massimo Giovanardi and Massimo Giovanardi},
    title = {An Algorithm to Evaluate Quantified Boolean Formulae and its Experimental Evaluation},
    journal = {Journal of Automated Reasoning},
    pages     = {101--142},
    volume    = {28},
    number    = {2},
    year      = {2002}
}
@inproceedings{car11,
  author    = {Emili Hern{\'a}ndez and Marc Carreras and Pere Ridao},
  title     = {A Path Planning Algorithm for an AUV Guided with Homotopy Classes},
  booktitle = {Proceedings of the 21st International Conference on Automated Planning and Scheduling (ICAPS'11)},
  year      = {2011}
}

@article{pddl+,
  author    = {Maria Fox and
               Derek Long},
  title     = {Modelling Mixed Discrete-Continuous Domains for Planning},
  journal   = {Journal of Artificial Intelligence Research {(JAIR)}},
  volume    = {27},
  pages     = {235--297},
  year      = {2006}
}

@article{cas10,
  author    = {Michael Cashmore and Maria Fox},
  title     = {Planning as {QBF}},
  journal   = {International Conference on Automated Planning and Scheduling Doctoral Consortium (ICAPS'10)},
  year      = {2010},
}
@inproceedings{cas11,
  author    = {Michael Cashmore and Maria Fox and Enrico Giunchiglia},
  title     = {Planning as Quantified Boolean Formulae},
  booktitle   = {Proceedings of the 29th Workshop of the UK Planning and Scheduling Special Interest Group (PlanSIG'11)},
  year      = {2011}
}
@inproceedings{cas12a,
  author    = {Michael Cashmore and Maria Fox},
  title     = { Partially Grounded Planning as Quantified Boolean Formula},
  booktitle   = {Proceedings of the Workshop on Constraint Satisfaction Techniques for Planning and Scheduling Problems (COPLAS'12)},
  year      = {2012}
}
@inproceedings{cas12b,
  author    = {Michael Cashmore and Maria Fox and Enrico Giunchiglia},
  title     = {Planning as Quantified Boolean Formulae},
  booktitle   = {Proceedings of the 20th European Conference on Artificial Intelligence (ECAI'12)},
  year      = {2012}
}
@article{cas13a,
  author    = {Michael Cashmore and Maria Fox and Enrico Giunchiglia},
  title     = {Partially Grounded Planning as Quantified Boolean Formulae},
  journal   = {Proceedings of the 23rd International Conference on Automated Planning and Scheduling (ICAPS'13)},
  year      = {2013},
}
@Inproceedings{cas13b,
author = {Michael Cashmore and Maria Fox and Tom Larkworthy and Derek Long and Daniele Magazzeni},
title = {Planning Inspection Tasks for AUVs},
booktitle = {Proceedings of the MTS/IEEE Oceans 2013 Conference, San Diego (OCEANS'13)},
year = {2013}
}
@book{cas13c,
  author = {Michael Cashmore},
  title = {Planning as Quantified Boolean Formulae ({PhD} thesis)},
  publisher = {Department of Computer Science, University of Strathclyde},
  year = {2013}
}
@Inproceedings{cas14,
author = {Michael Cashmore and Maria Fox and Tom Larkworthy and Derek Long and Daniele Magazzeni},
title = {AUV Mission Control Via Temporal Planning},
booktitle = {IEEE International Conference on Robotics and Automation (ICRA'14)},
year = {2014}
}
@Inproceedings{cas15,
author = {Michael Cashmore and Maria Fox and Derek Long and Daniele Magazzeni and Bram Ridder and Arnau Carrera and Narcis Palomeras and Natalia Hurtos and Marc Carreras},
title = {ROSPlan: Planning in the Robot Operating System},
booktitle = {Proceedings of the 25th International Conference on Automated Planning and Scheduling (ICAPS'15)},
year = {2015}
}
@inproceedings{che07,
  author    = {Yixin Chen and Zhao Xing and Weixiong Zhang},
  title     = {Long-Distance Mutual Exclusion for Propositional Planning},
  booktitle = {Proceedings of the 20th International Joint Conference on Artificial Intelligence (IJCAI'07)},
  year      = {2007},
  pages     = {1840-1845}
}
@article{che09,
  author    = {Yixin Chen and Ruoyun Huang and Zhao Xing and Weixiong Zhang},
  title     = {Long-distance mutual exclusion for planning},
  journal   = {Artificial Intelligence},
  volume    = {173},
  number    = {2},
  year      = {2009},
  pages     = {365-391}
}
@inproceedings{cla08,
  author    = {Edmund M. Clarke and E. Allen Emerson},
  title     = {Design and Synthesis of Synchronization Skeletons Using Branching Time Temporal Logic},
  booktitle = {25 Years of Model Checking},
  year      = {2008},
  pages     = {196-215},
}
@article{col09,
  author    = {Andrew Coles and Maria Fox and Keith Halsey and Derek Long and Amanda Smith},
  title     = {Managing concurrency in temporal planning using planner-scheduler interaction},
  journal   = {Artificial Intelligence},
  volume    = {173},
  number    = {1},
  year      = {2009},
  pages     = {1-44},
}
@inproceedings{col10,
author={Amanda Coles and Andrew Coles and Maria Fox and Derek Long},
title={Forward-Chaining Partial-Order Planning},
booktitle={Proceedings of the 20rd International Conference on Automated Planning and Scheduling (ICAPS'10)},
year={2010},
pages={42--49}
}
@InProceedings{cra93,
author={Crawford, James and Auton, Larry},
title={Experimental results on the crossover point in satisfiability problems},
booktitle={Proceedings of the 11th National Conference on Artificial Intelligence (AAAI'93)},
year={1993},
pages={21--27}
}
@article{dav60,
 author = {Davis, Martin and Putnam, Hilary},
 title = {A Computing Procedure for Quantification Theory},
 journal = {Journal of the ACM (JACM)},
 volume = {7},
 number = {3},
 year = {1960},
 pages = {201--215}
} 
@InProceedings{del05,
author = {De Luca, Marco and Giunchiglia, Enrico and Narizzano, Massimo and Tacchella, Armando},
title = {``{S}afe Planning" as a {QBF} evaluation problem},
booktitle = {Proceedings of the 2nd Robocare Workshop},
series = {ISTC-CNR},
year = {2005}
}
@article{del12,
  author    = {Giuseppe {Della Penna} and Daniele Magazzeni and Fabio Mercorio},
  title     = {A universal planning system for hybrid domains},
  journal   = {Applic. Intell.},
  year      = {2012},
  volume    = {36},
  number    = {4},
  pages     = {932--959},
}
@inproceedings{dem08,
 author = {De Moura, Leonardo and Bj{\o}rner, Nikolaj},
 title = {Z3: An Efficient {SMT} Solver},
 booktitle = {Proceedings of TACAS},
 year = {2008}
} 
@inproceedings{der05,
  author    = {Nachum Dershowitz and Ziyad Hanna and Jacob Katz},
  title     = {Bounded Model Checking with {QBF}},
  booktitle = {Proceedings of the 8th International Conference on Theory and Applications of Satisfiability Testing (SAT'05)},
  year      = {2005},
  pages     = {408-414},
}
@article{die97,
author = {Volker Diekert and Yves Métivier},
title = {Partial commutation and traces},
journal = {Handbook of Formal Languages},
volume = {3},
pages = {457--534},
year = {1997}
}
@incollection{dim97,
   author = {Dimopoulos, Yannis and Nebel, Bernhard and Koehler, Jana},
   title = {Encoding planning problems in nonmonotonic logic programs},
   booktitle = {Recent Advances in AI Planning},
   series = {Lecture Notes in Computer Science},
   pages = {169--181},
   volume = {1348},
   year = {1997}
}
@inproceedings{dor13,
   author = {Christian Dornhege and Andreas Hertle and Bernhard Nebel},
   title = {Lazy Evaluation and Subsumption Caching for Search-Based Integrated Task and Motion Planning},
   booktitle = {Proceedings of the IROS workshop on AI-based robotics},
   year = {2013}
}
@inproceedings{een03,
  author    = {Niklas E{\'e}n and Niklas S{\"o}rensson},
  title     = {An Extensible {SAT}-solver},
  booktitle = {Proceedings of the 6th International Conference on Theory and Applications of Satisfiability Testing (SAT'03)},
  year      = {2003},
  pages     = {502-518}
}
@inproceedings{ero94,
  title={HTN planning: Complexity and expressivity},
  author={Erol, Kutluhan and Hendler, James and Nau, Dana S},
  booktitle={AAAI},
  volume={94},
  pages={1123--1128},
  year={1994}
}
@inproceedings{eng10,
  author    = {B. Englot and F. Hover},
  title     = {Inspection Planning for Sensor Coverage of {3D} Marine Structures},
  booktitle = {IEEE/RSJ International Conference on Intelligent Robots and Systems},
  year      = {2010}
}
@inproceedings{ern97,
   author = {Michael D. Ernst and Todd D. Millstein and Daniel S. Weld},
   title = {Automatic {SAT}-compilation of planning problems},
   booktitle = {Proceedings of the 15th International Joint Conference on Artificial Intelligence (IJCAI'97)},
   pages = {1169--1176},
   year = {1997}
}
@article{ero95a,
  author    = {Kutluhan Erol and Dana S. Nau and V. S. Subrahmanian},
  title     = {Complexity, Decidability and Undecidability Results for Domain-Independent Planning},
  journal   = {Artificial Intelligence},
  volume    = {76},
  number    = {1-2},
  year      = {1995},
  pages     = {75-88}
}
@incollection{eye12,
  title={Using the context-enhanced additive heuristic for temporal and numeric planning},
  author={Patrick Eyerich and Robert Mattm{\"u}ller and Gabriele R{\"o}ger},
  booktitle={Towards Service Robots for Everyday Environments},
  pages={49--64},
  year={2012},
  publisher={Springer}
}
@inproceedings{far14,
  author    = {Margarida Faria and Jos{\'{e}} Pinto and Frederic Py and Joao Fortuna and Hugo Dias and Ricardo Martins and Frederik Leira and Tor Arne Johansen and Jo{\~{a}}o Borges de Sousa and Kanna Rajan},
  title     = {Coordinating UAVs and AUVs for oceanographic field experiments: Challenges and lessons learned},
  booktitle = {2014 {IEEE} International Conference on Robotics and Automation (ICRA'14)},
  year      = {2014},
}
@inproceedings{fer00,
 author = {Paolo Ferraris and Enrico Giunchiglia},
 title = {Planning as Satisfiability in Nondeterministic Domains},
 booktitle = {Proceedings of the 17th National Conference on Artificial Intelligence (AAAI'00)},
 year = {2000}
}
@article{fik71,
 author = {Fikes, Richard and Nilsson, Nils},
title = {{STRIPS}: A new approach to the application of theorem proving to problem solving},
journal = {Artificial Intelligence},
volume    = {2},
number    = {3--4},
year      = {1971},
pages     = {189--208}
}
@phdthesis{fin82,
author = {Jeffrey Finger},
title = {Synthesis of Communicating Processes from Temporal Logic Specifications},
school = {Stanford University},
year = {1982}
}
@article{fox98,
  author    = {Maria Fox and Derek Long},
  title     = {The Automatic Inference of State Invariants in {TIM}},
  journal   = {Journal of Artificial Intelliigence Research},
  volume    = {9},
  year      = {1998},
  pages     = {367-421}
}
@inproceedings{fox99,
   author = {Maria Fox and Derek Long},
   title = {The Detection and Exploitation of Symmetry in Planning Problems},
   booktitle = {Proceedings of the 16th International Joint Conference on Artificial Intelligence (IJCAI'99)},
   pages = {956--961},
   year = {1999}
}
@inproceedings{fox02,
author = {M. Fox and D. Long},
title = {Extending the Exploitation of Symmetries in Planning},
booktitle = {Proceedings of the 6th International Conference on Artificial Intelligence Planning and Scheduling (AIPS'02)},
year = {2002},
pages = {83-91}
}
@article{fox03,
  author    = {Maria Fox and Derek Long},
  title     = {{PDDL}2.1: An Extension to {PDDL} for Expressing Temporal Planning Domains},
  journal   = {Journal of Artificial Intelligence Res. (JAIR)},
  volume    = {20},
  year      = {2003},
  pages     = {61-124}
}
@article{fox11,
  author = {Maria Fox and Derek Long},
  title     = {Efficient Implementation of the Plan Graph in {STAN}},
  journal   = {Journal of Artificial Intelligence Research},
  volume    = {10},
  year      = {1999},
  pages     = {87--115}
}
@inproceedings{fox11a,
  author    = {Maria Fox and Derek Long and Daniele Magazzeni},
  title     = {Automatic Construction of Efficient Multiple Battery Usage Policies},
  booktitle = {Proceedings of the 21st International Conference on Automated Planning and Scheduling (ICAPS)},
  year      = {2011},
}
@inproceedings{fox12,
  author    = {Maria Fox and Derek Long and Daniele Magazzeni},
  title     = {Plan-Based Policy-Learning for Autonomous Feature Tracking},
  booktitle = {Proceedings of the 22nd International Conference on Automated Planning and Scheduling (ICAPS'12)},
  year      = {2012}
}
@article{gal08,
  author    = {Cipriano Galindo and Juan-Antonio Fernandez-Madrigal and Javier Gonz{\'a}lez and Alessandro Saffiotti},
  title     = {Robot task planning using semantic maps},
  journal   = {Robotics and Autonomous Systems},
  volume    = {56},
  number    = {11},
  year      = {2008},
  pages     = {955--966},
}
@InProceedings{gas13,
  author = {Andre Gaschler and Ronald P. A. Petrick and Manuel Giuliani and Markus Rickert and Alois Knoll},
  title = {{KVP}: A knowledge of volumes approach to robot task planning},
  booktitle = {Proceedings of the International Conference on Intelligent Robots and Systems (IROS'2013)},
  pages = {202--208},
  year = {2013},
}
@inproceedings{gel88,
   author = {Gelfond, Michael and Lifschitz, Vladimir},
   title = {The stable model semantics for logic programming},
   booktitle = {Logic Programming: The 5th International Conference and Symposium},
   pages = {1070--1080},
   year = {1988}
}
@InProceedings{gei06,
 author = {Christopher Geib and Kira Mour{\~{a}}o and Ron Petrick and Nico Pugeault and Mark Steedman and Norbert Krueger and Florentin W{\"{o}}rg{\"{o}}tter},
 title = {Object Action Complexes as an Interface for Planning and Robot Control},
 booktitle = {Proceedings of the Humanoids-06 Workshop: Towards Cognitive Humanoid Robots},
 year = {2006}
}
@inproceedings{ger02,
author = {Alfonso Gerevini and Ivan Serina},  
title = {{LPG}: A planner based on local search for planning graphs},
booktitle = {Proceedings of 6th International Conerence on {AI} Planning Systems ({AIPS}'02)},
publisher={AAAI Press},
year = {2002},
}
@article{ger06,
title = {The 5th international planning competition},
author = {Gerevini, Alfonso},
journal   = {ICAPS'06 Report},
year      = {1999}
}
@article{ger06a,
  author    = {Alfonso Gerevini and Alessandro Saetti and Ivan Serina},
  title     = {An Approach to Temporal Planning and Scheduling in Domains with Predictable Exogenous Events},
  journal   = {Journal Artificial Intelligence Research (JAIR)},
  volume    = {25},
  year      = {2006},
  pages     = {187-231},
}
@book{gha04,
author = {M. Ghallab and D. Nau and P. Traverso},
title = {Automated Planning: Theory and Practice},
publisher = {Morgan Kaufmann},
year = {2004},
}
@inproceedings{giu98,
author={E. Giunchiglia and A. Massarotto and R. Sebastiani},
title={Act, and the Rest Will Follow: Exploiting Determinism in Planning as Satisfiability},
booktitle={Proceedings of the 15th National Conference on Artificial Intelligence (AAAI'98)},
year={1998},
pages={948--953}
}
@inproceedings{giu99,
  author =       {Giunchiglia, Fausto and Traverso, Paolo},
  title =        {Planning as Model checking},
  booktitle =    {Proceedings of the 5th European Conference on Planning (ECP'99)},
  year =         {1999},
  pages = {1--20}
}
@inproceedings{giu00,
  author =       {Giunchiglia, Enrico},
  title =        {Planning as Satisfiability with Expressive Action Languages: Concurrency, Constraints and Nondeterminism},
  booktitle =    {Proceedings of the 7th International Conference on Principles of Knowledge Representation and Reasoning (KR'00)},
  year =         {2000},
  pages = {657-666}
}
@inproceedings{giu01,
        author = {Enrico Giunchiglia and Massimo Narizzano and Armando Tacchella},
        title = {{\sc QuBE}: A system for deciding Quantified {{B}oolean} Formulas Satisfiability},
        booktitle = {Proceedings of the 1st International Joint Conference on Automated Reasoning (IJCAR'01)},
        year = {2001},
        pages = {364--369}
}
@inproceedings{giu08 ,
    title = {An Effective Preprocessor for {QBF} pre-reasoning},
    author = {Giunchiglia , Enrico and Marin , Paolo and Narizzano , Massimo},
    booktitle = {Proceedings of the 2nd International Workshop on Quantification in Constraint Programming (QiCP'08)},
    year = {2008}
}
@article{giu10,
  author    = {Giunchiglia , Enrico and Marin , Paolo and Narizzano , Massimo },
  title     = {{QuBE7.0} System Description},
  journal   = {Journal of Satisfiability.},
  year      = {2010},
  pages     = {83-88},
  volume    = {7},
  number    = {8}
}
@inproceedings{giu10b,
  author = {Marin , Paolo and Giunchiglia , Enrico and Narizzano , Massimo },
  title =     {Conflict and Solution Driven Constraint Learning in {QBF}},
  booktitle = {Doctoral Program of Constraint Programming Conference},
  year =      {2010},
}
@inproceedings{gol96,
    author = {Robert P. Goldman and Mark S. Boddy and Louise Pryor},
    title = {Planning with Observations and Knowledge},
    booktitle = {Theories of Action, Planning, and Robot Control: Bridging the Gap: Papers from the 1996 AAAI Workshop},
    year = {1996},
    pages = {78--85}
}
@inproceedings{gou09,
    author = {Alexandra Goultiaeva and Vicki Iverson and Fahiem Bacchus},
    title = {Beyond {CNF}: A Circuit-Based {QBF} Solver},
    booktitle = {Proceedings of the 12th International Conference on Theory and Applications of Satisfiability Testing (SAT'09)},
    year = {2009},
    pages={412--426}
}
@inproceedings{gra12,
  author    = {Rishi Graham and Fr{\'{e}}d{\'{e}}ric Py and Jnaneshwar Das and Drew Lucas and Thom Maughan and Kanna Rajan},
  title     = {Exploring Space-Time Tradeoffs in Autonomous Sampling for Marine Robotics},
  booktitle = {Experimental Robotics, The 13th International Symposium on Experimental Robotics ({ISER}'12)},
  year      = {2012},
  pages     = {819--839}
}
@article{gru93,
author = {T. R. Gruber},
title = {A translation approach to portable ontologies},
journal = {Knowledge Acquisition},
volume = {5},
number = {1},
pages = {199--220},
year = {1993}
}
@inproceedings{hel01,
author = {Keijo Heljanko},
title = {Bounded reachability checking with process semantics},
booktitle = {Proceedings of the 12th International Conference on Concurrency Theory (Concur'01)},
pages = {218--232},
year = {2001}
}
@inproceedings{hel04,
  author    = {Malte Helmert},
  title     = {A Planning Heuristic Based on Causal Graph Analysis},
  booktitle = {Proceedings of the 14th International Conference on Automated Planning and Scheduling (ICAPS'04)},
  year      = {2004},
  pages     = {161-170},
}
@article{hel06,
    author = {Malte Helmert},
    title = {The Fast Downward Planning System},
    journal = {Journal of Artificial Intelligence Research (JAIR)},
    year = {2006},
    volume = {26},
    pages = {191--246}
}
@inproceedings{hel09,
  author    = {Malte Helmert and Carmel Domshlak},
  title     = {Landmarks, Critical Paths and Abstractions: What's the Difference Anyway?},
  booktitle = {Proceedings of the 19th International Conference on Automated Planning and Scheduling (ICAPS'09)},
  year      = {2009},
}
@inproceedings{her11,
  author    = {Emili Hern{\'a}ndez and Marc Carreras and Javier Antich and Pere Ridao and Alberto Ortiz},
  title     = {A topologically guided path planner for an AUV using homotopy classes},
  booktitle = {IEEE International Conference on Robotics and Automation (ICRA'11)},
  year      = {2011},
  pages     = {2337-2343}
}
@article{hof03,
  author    = {J{\"o}rg Hoffmann},
  title     = {The Metric-FF Planning System: Translating ''Ignoring Delete Lists'' to Numeric State Variables},
  journal   = {Journal of Artificial Intelligence Research (JAIR)},
  volume    = {20},
  year      = {2003},
  pages     = {291-341},
}
@article{hof04,
 author = {Hoffmann, J\"{o}rg and Porteous, Julie and Sebastia, Laura},
 title = {Ordered landmarks in planning},
 journal = {Journal of Artificial Intelligence Research},
 year = {2004},
 volume = {22},
 number = {1},
 pages = {215--278},
} 
@article{hof05,
    author = {Hoffmann, J. and Edelkamp, S.},
    title = {The Deterministic Part of {IPC}-4: An Overview},
    journal = {Journal of Artificial Intelligence Research},
    year = {2005},
    volume = {24},
    pages = {519--579}
}
@inproceedings{hua10,
	author = {Ruoyun Huang and Yixin Chen and Weixiong Zhang},
	title = {A Novel Transition Based Encoding Scheme for Planning as Satisfiability},
	booktitle = {Proceedings of the 24th AAAI Conference on Artificial Intelligence (AAAI'10)},
	year = {2010}
}
@article{hua12,
 author = {Ruoyun Huang and Yixin Chen and Weixiong Zhang},
 title = {{SAS}+ Planning as Satisfiability},
 journal = {Journal of Artificial Intelligence Research},
 volume = {43},
 pages = {293--328},
 year = {2012}
}
@misc{ipc2,
author = {F. Bacchus},
title = {Overview of the {AIPS}-00 Planning Competition},
note = {http://www.cs.toronto.edu/aips2000/, last accessed Jan. 2013},
year = {2000}
}

@misc{sympy,
author = {SymPy},
title = {Website},
note = {http://www.sympy.org/},
year = {2013}
}



@article{jus07,
  author    = {Toni Jussila and Armin Biere},
  title     = {Compressing {BMC} Encodings with {QBF}},
  journal   = {Electronic Notes in Theoretical Computer Science},
  volume    = {174},
  number    = {3},
  year      = {2007},
  pages     = {45--56}
}
@inproceedings{kam97,
  title={Challenges in bridging plan synthesis paradigms},
  author={Kambhampati, S.},
  booktitle={Proceedings of the 15th International Joint Conference on Artificial Intelligence (IJCAI'97)},
  pages={44--49},
  year={1997}
}
@inproceedings{kan08,
  author    = {Conor McGann and Frederic Py and Kanna Rajan and Hans Thomas and Richard Henthorn and Robert S. McEwen},
  title     = {A deliberative architecture for AUV control},
  booktitle = {IEEE International Conference on Robotics and Automation (ICRA'08)},
  year      = {2008},
  pages     = {1049-1054}
}
@inproceedings{kau92,
author={Kautz, Henry and Selman, Bart},
title={Planning as Satisfiability},
booktitle={Proceedings of {ECAI}},
year={1992}
}
@inproceedings{kau96,
author={Kautz, Henry and Selman, Bart},
title={Pushing the envelope: planning, propositional logic and stochastic search},
booktitle={Proceedings of {AAAI}},
year={1996}
}
@inproceedings{kau96a,
author={Kautz, Henry and McAllester, David and Selman, Bart},
title={Encoding Plans in propositional logic},
booktitle={Proceedings of the 5th International Conference of Principles on Knowledge Representation and Reasoning (KR'96)},
pages={374--384},
year={1996}
}
@inproceedings{kau98,
author={Kautz, Henry and Selman, Bart},
title={{BLACKBOX}: A New Approach to the Application of Theorem Proving to Problem Solving},
booktitle={Working notes of the Workshop on Planning as Combinatorial Search, held in conjunction with AIPS'98},
year={1998}
}
@inproceedings{kau99,
author={Kautz, Henry and Selman, Bart},
title =        {Unifying {SAT}-based and Graph-based Planning},
booktitle =    {Proceedings of the 16th International Joint Conference on Artificial Intelligence (IJCAI'99)},
year =         {1999},
pages =        {318--325},
}
@inproceedings{kau06,
author = {Henry A. Kautz and Bart Selman and J{\"o}rg Hoffmann},
booktitle = {Abstracts of the 5th International Planning Competition},
title = {{SatPlan}: Planning as Satisfiability},
year = {2006}
}
@inproceedings{kav96,
author = {L. E. Kavraki and P. Svestka, J.-C. Latombe and M. H. Overmars},
title = {Probabilistic roadmaps for path planning in high-dimensional configuration spaces},
booktitle = {IEEE Transactions on Robotics and Automation},
year = {1996},
pages={566–580}
}
@incollection{kor08,
  author    = {David Kortenkamp and Reid G. Simmons},
  title     = {Robotic Systems Architectures and Programming},
  booktitle = {Springer Handbook of Robotics},
  publisher = {Springer},
  year      = {2008},
  pages     = {187--206},
}
@book{lav06,
author = {S. M. Lavalle},
title = {Planning Algorithms},
booktitle = {Cambridge},
publisher = {Cambridge University Press},
year = {2006}
}
@inproceedings{lem04,
  author    = {Solange Lemai and F{\'e}lix Ingrand},
  title     = {Interleaving Temporal Planning and Execution in Robotics Domains},
  booktitle = {Proceedings of National Conference on AI (AAAI)},
  year      = {2004},
  pages     = {617-622}
}
@inproceedings{lon10,
  author = {Florian Lonsing and Armin Biere},
  title = {Integrating Dependency Schemes in Search-Based {QBF} Solvers},
  booktitle = {Proceedings of the 13th International Conference on Theory and Applications of Satisfiability Testing (SAT'10)},
  year = {2010},
  pages = {158-171},
}
@article{lon10b,
  author = {Florian Lonsing and Armin Biere},
  title     = {{DepQBF}: A Dependency-Aware {QBF} Solver System Description},
  journal   = {Journal on Satisfiability, Boolean Modeling and Computation.},
  year      = {2010},
  pages     = {71–76},
  volume    = {7}
}
@phdthesis{mag09,
author = {Daniele Magazzeni},
title = {Explicit Model Checking Techniques applied to Control and Planning Problems},
school = {University of L'Aquila},
year = {2009}
}
@article{mag14,
  author    = {Daniele Magazzeni and Fr{\'{e}}d{\'{e}}ric Py and Maria Fox and Derek Long and Kanna Rajan},
  title     = {Policy learning for autonomous feature tracking},
  journal   = {Autonomous Robots},
  year      = {2014},
  volume    = {37},
  number    = {1},
  pages     = {47--69},
}
@article{man10a,
author = {Hratch Mangassarian and Andreas G. Veneris and Marco Benedetti},
title =  {Robust {QBF} Encodings for Sequential Circuits with Applications to Verification, Debug, and Test},
 journal   = {IEEE Transactions on Computers},
volume    = {59},
number    = {7},
year      = {2010},
pages     = {981--994},
}
@article{mar99,
    author = {Joaäo P. Marques-Silva and Karem A. Sakallah},
    title = {{GRASP}: A Search Algorithm for Propositional Satisfiability},
    journal = {IEEE Transactions on Computers},
    year = {1999},
    volume = {48},
    pages = {506--521}
}
@inproceedings{mca91,
    author = {David Mcallester and David Rosenblitt},
    title = {Systematic Nonlinear Planning},
    booktitle = {Proceedings of the 9th National Conference on Artificial Intelligence (AAAI'91)},
    volume={2},
    year = {1991},
    pages = {634--639}
}
@techreport{mcd98,
author={McDermott, D. and Ghallab, M. and Howe, A. and Knoblock, C. and Ram, A. and Veloso, M. and Weld, D. and Wilkins, D.},
title={{PDDL} -- The Planning Domain Definition Language},
institution={Yale Center for Computational Vision and Control},
year={1998}
}
@article{mcd98a,
 author={McDermott, Drew},
 title={The 1998 {AI} Planning Systems Competition},
 journal={AI Magazine},
 year={1998},
 volume={21},
 number={2},
 pages={35--55}
}
@inproceedings{mcg08,
  author    = {Conor McGann and Frederic Py and Kanna Rajan and Hans Thomas and Richard Henthorn and Robert S. McEwen},
  title     = {A deliberative architecture for {AUV} control},
  booktitle = {2008 {IEEE} International Conference on Robotics and Automation {(ICRA'08)}},
  year      = {2008},
  pages     = {1049--1054}
}
@inproceedings{mcg08b,
  author    = {Conor McGann and Frederic Py and Kanna Rajan and John P. Ryan and Richard Henthorn},
  title     = {Adaptive Control for Autonomous Underwater Vehicles},
  booktitle = {Proceedings of the 23rd AAAI Conference on Artificial Intelligence, (AAAI'08)},
  year      = {2008},
  pages     = {1319--1324}
}
@phdthesis{mcm92,
 author = {Kenneth Lauchlin McMillan},
 title = {Symbolic model checking: an approach to the state explosion problem},
 year = {1992},
 school = {Carnegie Mellon University}
}
@article{mig11,
  author = {Miguelanez, Emilio and Patron, Pedro and Brown, Keith E. and Petillot, Yvan R. and Lane, David M.},
  title = {Semantic Knowledge-Based Framework to Improve the Situation Awareness of Autonomous Underwater Vehicles},
  journal = {IEEE Transactions on Knowledge and Data Engineering},
  year = {2011},
  volume = {23},
  pages = {759--773},
  number = {5},
  publisher = {IEEE Educational Activities Department},
}
@inproceedings{mos01,
  author =      {Matthew W. Moskewicz and Conor F. Madigan and Ying Zhao and Lintao Zhang and Sharad Malik},
  title =        {Chaff: Engineering an Efficient {SAT} Solver},
  booktitle =    {Proceedings of the 38th Design Automation Conference (DAC'01)},
  year =         {2001},
  pages     = {530--535}
}
@incollection{nab02,
  title={Effective SAT Planning by Speculative Computation},
  author={Nabeshima, Hidetomo and Iwanuma, Koji and Inoue, Katsumi},
  year={2002},
  booktitle={AI 2002: Advances in Artificial Intelligence},
  volume={2557},
  publisher={Springer}
}
@inproceedings{nab06,
  author    = {Hidetomo Nabeshima and Takehide Soh and Katsumi Inoue and Koji Iwanuma},
  title     = {Lemma Reusing for {SAT} based Planning and Scheduling},
  booktitle = {Proceedings of the 16th International Conference on Automated Planning and Scheduling (ICAPS'06)},
  year      = {2006},
  pages     = {103--113}
}
@inproceedings{nau15,
  title={Blended Planning and Acting: Preliminary Approach, Research Challenges},
  author={Nau, Dana S and Ghallab, Malik and Traverso, Paolo},
  booktitle={Proceedings 29th AAAI Conference on Artificial Intelligence (AAAI'15)},
  year={2015}
}
@inproceedings{nie96,
author={Niemel{\"a}, Ilkka and Simons, Patrik},
title={Efficient implementation of the well-founded and stable model semantics},
booktitle={Proceedings of the 1996 Joint International Conference and Syposium on Logic Programming (JICSLP'96)},
year={1996},
pages={289--303}
}
@inproceedings{nis11,
  author    = {Raz Nissim and J{\"o}rg Hoffmann and Malte Helmert},
  title     = {Computing Perfect Heuristics in Polynomial Time: On Bisimulation and Merge-and-Shrink Abstraction in Optimal Planning},
  booktitle = {Proceedings of International Joint Conference on AI (IJCAI)},
  year      = {2011},
  pages     = {1983-1990}
}
@book{owl2-overview,
 author    = {W3C {OWL Working Group}},
 title     = {{OWL~2 Web Ontology Language: Document Overview}},
 publisher = {W3C Recommendation},
 note      = {Available at \textit{http://www.w3.org/TR/owl2-overview/} (last checked Nov 2014)},
 year      = {2009}
}
@book{owl2-primer,
 editor    = {Pascal Hitzler and Markus Kr\"{o}tzsch and Bijan Parsia and Peter F. Patel-Schneider and Sebastian Rudolph},
 title     = {{OWL~2 Web Ontology Language: Primer}},
 publisher = {W3C Recommendation},
 note      = {Available at \textit{http://www.w3.org/TR/owl2-primer/} (last checked Nov 2014)},
 year      = {2009}
}
@article{pal12, 
 author={Palomeras, N. and El-Fakdi, A. and Carreras, M. and Ridao, P.}, 
 journal={IEEE Journal of Oceanic Engineering}, 
 title={COLA2: A Control Architecture for AUVs}, 
 year={2012}, 
 volume={37}, 
 number={4}, 
 pages={695-716}
}
@inproceedings{pet13,
  author    = {Ronald P. A. Petrick and Mary Ellen Foster},
  title     = {Planning for Social Interaction in a Robot Bartender Domain},
  booktitle = {Proceedings of the 23rd International Conference on Automated Planning and Scheduling (ICAPS'13)},
  year      = {2013},
  pages     = {389--397}
}
@InProceedings{pet14,
 author = {Ronald P. A. Petrick and Andre Gaschler},
 title = {Extending Knowledge-Level Contingent Planning for Robot Task Planning},
 booktitle = {Proceedings of the {ICAPS} 2014 Workshop on Planning and Robotics ({PlanRob})},
 pages = {157--165},
 year = {2014}
}
@book{pap94,
  author = {Christos H. Papadimitriou},
  title = {Computational complexity},
  publisher = {Addison-Wesley},
  year = {1994},
  isbn = {978-0-201-53082-7}
}
@inproceedings{pia13,
  author    = {Chiara Piacentini and Varvara Alimisis and Maria Fox and Derek Long},
  title     = {Combining a Temporal Planner with an External Solver for the Power Balancing Problem in an Electricity Network},
  booktitle = {Proceedings of the 23rd International Conference on Automated Planning and Scheduling (ICAPS'13)},
  year      = {2013}
}
@inproceedings{pon14,
  author={Caroline Ponzoni and Carvalho Chanel and Charles Lesire and Florent Teichteil-Königsbuch},
  title={A Robotic Execution Framework for Online Probabilistic (Re)Planning},
  booktitle = {Proceedings of the 24th International Conference on Automated Planning and Scheduling (ICAPS'14)},
  year={2014}
}
@inproceedings{por00,
  author = {Julie Porteous and Laura Sebastia},
  title = {Extracting and ordering landmarks for planning},
  booktitle = {Proceedings of UK Planning and Scheduling SIG Workshop (Plansig'00)},
  year = {2000}
}
@inproceedings{py10,
  author    = {Fr{\'{e}}d{\'{e}}ric Py and Kanna Rajan and Conor McGann},
  title     = {A systematic agent framework for situated autonomous systems},
  booktitle = {International Conference on Autonomous Agents and Multiagent Systems (AAMAS'10)},
  year      = {2010},
  pages     = {583-590}
}
@misc{qbflib,
author = {E. Giunchiglia and M. Narizzano and A. Tacchella},
title = "{Quantified Boolean Formulas Satisfiability Library ({QBFLIB})}",
note = {www.qbflib.org, last accessed Jan. 2013},
year = {2001}
}
@inproceedings{qui09,
  title={{ROS}: an open-source Robot Operating System},
  author={Quigley, Morgan and Conley, Ken and Gerkey, Brian and Faust, Josh and Foote, Tully and Leibs, Jeremy and Wheeler, Rob and Ng, Andrew Y},
  booktitle={ICRA workshop on open source software},
  volume={3},
  year={2009}
}
@article{ran15,
  title={ITSAT: An Efficient SAT-Based Temporal Planner},
  author={Masood Feyzbakhsh Rankooh and Gholamreza Ghassem-Sani},
  journal={J. Artif. Intell. Res.},
  year={2015},
  volume={53},
  pages={541-632}
}
@inproceedings{ray08,
  author    = {Katrina Ray and Matthew L. Ginsberg},
  title     = {The Complexity of Optimal Planning and a More Efficient Method for Finding Solutions},
  booktitle = {Proceedings of the 18th International Conference on Automated Planning and Scheduling (ICAPS'08)},
  year      = {2008},
  pages     = {280--287}
}
@inproceedings{ric08,
  author    = {Silvia Richter and Malte Helmert and Matthias Westphal},
  title     = {Landmarks Revisited},
  booktitle = {Proceedings of the 23rd Conference on Artificial Intelligence (AAAI'08)},
  year      = {2008},
  pages     = {975--982}
}
@article{rin99,
    author = {Jussi Rintanen},
    title = {Constructing Conditional Plans by a Theorem-Prover},
    journal = {Journal of Artificial Intelligence Research},
    year = {1999},
    volume = {10},
    pages = {323--352}
}
@inproceedings{rin01,
  author    = {Jussi Rintanen},
  title     = {Partial Implicit Unfolding in the {D}avis-{P}utnam Procedure for Quantified {B}oolean Formulae},
  booktitle = {Proceedings of the 8th International Conference on Logic for Programming, Artificial Intelligence and Reasoning (LPAR'01)},
  year      = {2001},
  pages     = {362--376}
}
@inproceedings{rin03,
  author = {Jussi Rintanen},
  title = {Symmetry Reduction for {SAT} Representations of Transition Systems},
  booktitle = {Proceedings of the 13th International Conference on Automated Planning and Scheduling (ICAPS'03)},
  year      = {2003},
  pages     = {32--41}
}
@inproceedings{rin04,
  author    = {Jussi Rintanen},
  title     = {Evaluation Strategies for Planning as Satisfiability},
  booktitle = {Proceedings of the 16th European Conference on Artificial Intelligence (ECAI'04)},
  year      = {2004},
  pages     = {682--687}
}
@incollection{rin04a,
   author = {Rintanen, Jussi and Heljanko, Keijo and Niemelä, Ilkka},
   title = {Parallel Encodings of Classical Planning as Satisfiability},
   booktitle = {Logics in Artificial Intelligence},
   series = {Lecture Notes in Computer Science},
   pages = {307--319},
   volume = {3229},
   year = {2004}
}
@article{rin06,
author = {Jussi Rintanen and Keijo Heljanko and Ilkka Niemel{\"a}},
title={Planning as satisfiability: parallel plans and algorithms for plan search},
journal={Artificial Intelligence},
volume={170},
year={2006},
pages={1031--1080}
}
@inproceedings{rin07,
  author    = {Jussi Rintanen},
  title     = {Asymptotically Optimal Encodings of Conformant Planning in {QBF}},
  booktitle = {Proceedings of the 22nd Conference on Artificial Intelligence (AAAI'07)},
  year      = {2007},
  pages     = {1045--1050}
}
@inproceedings{rin10,
 author = {Rintanen, Jussi},
 title = {Madagascar: Efficient Planning with {SAT}},
 booktitle = {the 7th International Planning Competition},
 year = {2010}
}
@inproceedings{rin10a,
 author = {Rintanen, Jussi},
 title = {Heuristics for planning with {SAT}},
 booktitle = {Proceedings of the 16th international conference on Principles and Practice of Constraint Programming (CP'10)},
 year = {2010},
 pages = {414--428},
}
@inproceedings{rin10b,
  author    = {Jussi Rintanen},
  title     = {Heuristic Planning with {SAT}: Beyond Uninformed Depth-First Search},
  booktitle = {Proceedings of the 23rd Australasian Joint Conference on Artificial Intelligence (AI'10)},
  year      = {2010},
  pages     = {415--424},
}
@inproceedings{rin11,
  author    = {Jussi Rintanen},
  title     = {Planning with Specialized {SAT} Solvers},
  booktitle = {Proceedings of the 25th Conference on Artificial Intelligence (AAAI'11)},
  year      = {2011}
}
@inproceedings{rin11a,
  author    = {Jussi Rintanen},
  title     = {Heuristics for Planning with {SAT} and Expressive Action Definitions},
  booktitle = {Proceedings of the 21st International Conference on Automated Planning and Scheduling (ICAPS'11)},
  year      = {2011}
}
@inproceedings{rob08,
  author    = {Nathan Robinson and Charles Gretton and Duc Nghia Pham and Abdul Sattar},
  title     = {A Compact and Efficient {SAT} Encoding for Planning},
  booktitle = {Proceedings of the 18th International Conference on Automated Planning and Scheduling (ICAPS'08)},
  year      = {2008},
  pages     = {296--303}
}
@inproceedings{rob09,
  author    = {Nathan Robinson and Charles Gretton and Duc Nghia Pham and Abdul Sattar},
  title     = {{SAT}-Based Parallel Planning Using a Split Representation of Actions},
  booktitle = {Proceedings of the 19th International Conference on Automated Planning and Scheduling (ICAPS'09)},
  year      = {2009}
}
@misc{ros,
title = "{Robot Operating System ({ROS})}",
note = {http://www.ros.org, last accessed Apr. 2014},
}
@article{sav70a,
  author    = {Walter J. Savitch},
  title     = {Relationships Between Nondeterministic and Deterministic Tape Complexities},
  journal   = {Journal of Computer and System Sciences},
  volume    = {4},
  number    = {2},
  year      = {1970},
  pages     = {177--192},
}
@book{she06,
  title={Enhancing science and automating operations using onboard autonomy},
  author={Sherwood, Robert and Chien, Steve and Tran, Daniel and Davies, Ashley and Casta{\~n}o, Rebecca and Rabideau, Gregg and Mandl, Dan and Frye, Stuart and Shulman, Seth and Szwaczkowski, Joseph},
  year={2006},
  publisher={Pasadena, CA: Jet Propulsion Laboratory, National Aeronautics and Space Administration}
}
@inproceedings{smi97,
  author    = {Benjamin D. Smith and Kanna Rajan and Nicola Muscettola},
  title     = {Knowledge Acquisition for the Onboard Planner of an Autonomous Spacecraft},
  booktitle = {10th European Workshop on Knowledge Acquisition, Modeling and Management (EKAW'97)},
  year      = {1997}
}
@inproceedings{sri14,
 author = {Siddharth Srivastava and Eugene Fang and Lorenzo Riano and Rohan Chitnis and Stuart Russell and Pieter Abbeel.},
 title = {Combined Task and Motion Planning through an Extensible Planner-Independent Interface Layer},
 booktitle = {In the proceedings of the IEEE International Conference on Robotics and Automation (ICRA'14)},
 year = {2014}
}
@inproceedings{sto73a,
  author    = {Larry J. Stockmeyer and Albert R. Meyer},
  title     = {Word Problems Requiring Exponential Time: Preliminary Report},
  booktitle = {Proceedings of the 5th Annual {ACM} Symposium on Theory of Computing (STOC'73)},
  year      = {1973},
  pages     = {1--9}
}
@inproceedings{str07,
  author    = {Matthew J. Streeter and Stephen F. Smith},
  title     = {Using Decision Procedures Efficiently for Optimization},
  booktitle = {Proceedings of the 17th International Conference on Automated Planning and Scheduling (ICAPS'07)},
  year      = {2007},
  pages     = {312--319}
}
@inproceedings{ten09,
  author  = {Moritz Tenorth and Michael Beetz},
  title = {{KnowRob -- Knowledge Processing for Autonomous Personal Robots}},
  booktitle = {IEEE/RSJ International Conference on Intelligent Robots and Systems},
  pages={4261--4266},
  year = {2009}
}
@inproceedings{ten10,
  author    = {Moritz Tenorth and Lars Kunze and Dominik Jain and Michael Beetz},
  title     = {{KNOWROB-MAP} - knowledge-linked semantic object maps},
  booktitle = {Humanoids},
  year      = {2010},
  pages     = {430--435}
}
@phdthesis{ten11,
  author = {Moritz Tenorth},
  title = {Knowledge Processing for Autonomous Robots},
  school = {Technische Universit\"at M\"unchen},
  year = {2011},
}
@inproceedings{weh07,
 author = {Wehrle, Martin and Rintanen, Jussi},
 title = {Planning as satisfiability with relaxed $\exists$-step plans},
 booktitle = {Proceedings of the 20th Australian joint conference on Advances in Artificial Intelligence (AI'07)},
 year = {2007},
 pages = {244--253}
}
@inproceedings{wurm10,
  title={{OctoMap}: A probabilistic, flexible, and compact 3D map representation for robotic systems},
  author={Wurm, Kai M and Hornung, Armin and Bennewitz, Maren and Stachniss, Cyrill and Burgard, Wolfram},
  booktitle={Proceedings of the ICRA 2010 workshop on best practice in 3D perception and modeling for mobile manipulation},
  volume={2},
  year={2010}
}
@misc{xua01,
    author = {Xuanlong Nguyen and Subbarao Kambhampati},
    title = {Reviving Partial Order Planning},
    year = {2001}
}
